{"top_revenue": [{"product_name": "Latte 7oz", "revenue": 254576500.0, "qty": 30358.0}, {"product_name": "Americano 4oz", "revenue": 195515600.0, "qty": 45706.0}, {"product_name": "Americano 7oz", "revenue": 190868900.0, "qty": 28997.0}, {"product_name": "Capuccino 7oz", "revenue": 155032700.0, "qty": 18827.0}, {"product_name": "Milo Caliente 9oz", "revenue": 116002900.0, "qty": 14238.0}, {"product_name": "Palito de queso", "revenue": 113070300.0, "qty": 15357.0}, {"product_name": "Croissant Queso", "revenue": 110651500.0, "qty": 14960.0}, {"product_name": "Pastel de pollo", "revenue": 101167500.0, "qty": 8338.0}, {"product_name": "Croissant Almendras", "revenue": 96127000.0, "qty": 11466.0}, {"product_name": "Sandwich Croissant", "revenue": 93437000.0, "qty": 10643.0}, {"product_name": "Croissant Jamon y Queso", "revenue": 92085900.0, "qty": 12172.0}, {"product_name": "Capuccino 9oz", "revenue": 85015900.0, "qty": 9799.0}, {"product_name": "Latte 9oz", "revenue": 76177500.0, "qty": 8584.0}, {"product_name": "Chicharron", "revenue": 73401797.0, "qty": 9806.0}, {"product_name": "Croissant Sencillo", "revenue": 72728999.0, "qty": 10264.0}, {"product_name": "Pandebono", "revenue": 53330000.0, "qty": 9144.0}, {"product_name": "Sandwich Baguette", "revenue": 49279300.0, "qty": 5267.0}, {"product_name": "Sandwich Tradicional", "revenue": 47246300.0, "qty": 5162.0}, {"product_name": "Agua", "revenue": 46997400.0, "qty": 10969.0}, {"product_name": "Pandequeso", "revenue": 45580300.0, "qty": 8540.0}], "top_qty": [{"product_name": "Americano 4oz", "qty": 45706.0, "revenue": 195515600.0}, {"product_name": "Latte 7oz", "qty": 30358.0, "revenue": 254576500.0}, {"product_name": "Americano 7oz", "qty": 28997.0, "revenue": 190868900.0}, {"product_name": "Capuccino 7oz", "qty": 18827.0, "revenue": 155032700.0}, {"product_name": "Palito de queso", "qty": 15357.0, "revenue": 113070300.0}, {"product_name": "Croissant Queso", "qty": 14960.0, "revenue": 110651500.0}, {"product_name": "Milo Caliente 9oz", "qty": 14238.0, "revenue": 116002900.0}, {"product_name": "Croissant Jamon y Queso", "qty": 12172.0, "revenue": 92085900.0}, {"product_name": "Croissant Almendras", "qty": 11466.0, "revenue": 96127000.0}, {"product_name": "Agua", "qty": 10969.0, "revenue": 46997400.0}, {"product_name": "Sandwich Croissant", "qty": 10643.0, "revenue": 93437000.0}, {"product_name": "Croissant Sencillo", "qty": 10264.0, "revenue": 72728999.0}, {"product_name": "Chicharron", "qty": 9806.0, "revenue": 73401797.0}, {"product_name": "Capuccino 9oz", "qty": 9799.0, "revenue": 85015900.0}, {"product_name": "Pandebono", "qty": 9144.0, "revenue": 53330000.0}, {"product_name": "Pandeyuca", "qty": 8825.0, "revenue": 44886100.0}, {"product_name": "Latte 9oz", "qty": 8584.0, "revenue": 76177500.0}, {"product_name": "Pandequeso", "qty": 8540.0, "revenue": 45580300.0}, {"product_name": "Pastel de pollo", "qty": 8338.0, "revenue": 101167500.0}, {"product_name": "Aromatica Sencilla 7oz", "qty": 7378.0, "revenue": 24962300.0}], "category_breakdown": [{"product_category": "Bebidas Caliente", "revenue": 1284046200.0, "qty": 190028.0, "cost": 218396248.5, "margin_pct": 83.0}, {"product_category": "Panaderia", "revenue": 1229146696.0, "qty": 170445.0, "cost": 358471355.5, "margin_pct": 70.8}, {"product_category": "Bebidas Frias", "revenue": 275310300.0, "qty": 44238.0, "cost": 90600805.61, "margin_pct": 67.1}, {"product_category": "Snacks", "revenue": 10900400.0, "qty": 2693.0, "cost": 3135633.2399999998, "margin_pct": 71.2}, {"product_category": "xAdiciones", "revenue": 3251000.0, "qty": 1373.0, "cost": 307050.0, "margin_pct": 90.6}, {"product_category": "Sin Categoria", "revenue": 0.0, "qty": 0.0, "cost": 0.0, "margin_pct": null}], "category_trend": [{"mes": "2022-08", "categoria": "Bebidas Caliente", "ingresos": 22932100.0}, {"mes": "2022-08", "categoria": "Bebidas Frias", "ingresos": 4090100.0}, {"mes": "2022-08", "categoria": "Panaderia", "ingresos": 21113300.0}, {"mes": "2022-08", "categoria": "Sin Categoria", "ingresos": 0.0}, {"mes": "2022-08", "categoria": "Snacks", "ingresos": 148400.0}, {"mes": "2022-08", "categoria": "xAdiciones", "ingresos": 154000.0}, {"mes": "2022-09", "categoria": "Bebidas Caliente", "ingresos": 22940100.0}, {"mes": "2022-09", "categoria": "Bebidas Frias", "ingresos": 3713400.0}, {"mes": "2022-09", "categoria": "Panaderia", "ingresos": 22599900.0}, {"mes": "2022-09", "categoria": "Sin Categoria", "ingresos": 0.0}, {"mes": "2022-09", "categoria": "Snacks", "ingresos": 150000.0}, {"mes": "2022-09", "categoria": "xAdiciones", "ingresos": 177500.0}, {"mes": "2022-10", "categoria": "Bebidas Caliente", "ingresos": 22013900.0}, {"mes": "2022-10", "categoria": "Bebidas Frias", "ingresos": 3084700.0}, {"mes": "2022-10", "categoria": "Panaderia", "ingresos": 24437100.0}, {"mes": "2022-10", "categoria": "Sin Categoria", "ingresos": 0.0}, {"mes": "2022-10", "categoria": "Snacks", "ingresos": 333000.0}, {"mes": "2022-10", "categoria": "xAdiciones", "ingresos": 121000.0}, {"mes": "2022-11", "categoria": "Bebidas Caliente", "ingresos": 22372400.0}, {"mes": "2022-11", "categoria": "Bebidas Frias", "ingresos": 3068000.0}, {"mes": "2022-11", "categoria": "Panaderia", "ingresos": 26781000.0}, {"mes": "2022-11", "categoria": "Sin Categoria", "ingresos": 0.0}, {"mes": "2022-11", "categoria": "Snacks", "ingresos": 186000.0}, {"mes": "2022-11", "categoria": "xAdiciones", "ingresos": 53500.0}, {"mes": "2022-12", "categoria": "Bebidas Caliente", "ingresos": 19480900.0}, {"mes": "2022-12", "categoria": "Bebidas Frias", "ingresos": 3774300.0}, {"mes": "2022-12", "categoria": "Panaderia", "ingresos": 22563400.0}, {"mes": "2022-12", "categoria": "Sin Categoria", "ingresos": 0.0}, {"mes": "2022-12", "categoria": "Snacks", "ingresos": 246000.0}, {"mes": "2022-12", "categoria": "xAdiciones", "ingresos": 67500.0}, {"mes": "2023-01", "categoria": "Bebidas Caliente", "ingresos": 23654300.0}, {"mes": "2023-01", "categoria": "Bebidas Frias", "ingresos": 3968300.0}, {"mes": "2023-01", "categoria": "Panaderia", "ingresos": 24256000.0}, {"mes": "2023-01", "categoria": "Sin Categoria", "ingresos": 0.0}, {"mes": "2023-01", "categoria": "Snacks", "ingresos": 213000.0}, {"mes": "2023-01", "categoria": "xAdiciones", "ingresos": 85000.0}, {"mes": "2023-02", "categoria": "Bebidas Caliente", "ingresos": 20843500.0}, {"mes": "2023-02", "categoria": "Bebidas Frias", "ingresos": 4025500.0}, {"mes": "2023-02", "categoria": "Panaderia", "ingresos": 22890000.0}, {"mes": "2023-02", "categoria": "Sin Categoria", "ingresos": 0.0}, {"mes": "2023-02", "categoria": "Snacks", "ingresos": 252000.0}, {"mes": "2023-02", "categoria": "xAdiciones", "ingresos": 7000.0}, {"mes": "2023-03", "categoria": "Bebidas Caliente", "ingresos": 25641000.0}, {"mes": "2023-03", "categoria": "Bebidas Frias", "ingresos": 4210400.0}, {"mes": "2023-03", "categoria": "Panaderia", "ingresos": 28821000.0}, {"mes": "2023-03", "categoria": "Sin Categoria", "ingresos": 0.0}, {"mes": "2023-03", "categoria": "Snacks", "ingresos": 258000.0}, {"mes": "2023-03", "categoria": "xAdiciones", "ingresos": 20500.0}, {"mes": "2023-04", "categoria": "Bebidas Caliente", "ingresos": 18277000.0}, {"mes": "2023-04", "categoria": "Bebidas Frias", "ingresos": 3224200.0}, {"mes": "2023-04", "categoria": "Panaderia", "ingresos": 23116500.0}, {"mes": "2023-04", "categoria": "Sin Categoria", "ingresos": 0.0}, {"mes": "2023-04", "categoria": "Snacks", "ingresos": 333000.0}, {"mes": "2023-04", "categoria": "xAdiciones", "ingresos": 9000.0}, {"mes": "2023-05", "categoria": "Bebidas Caliente", "ingresos": 19945500.0}, {"mes": "2023-05", "categoria": "Bebidas Frias", "ingresos": 5510600.0}, {"mes": "2023-05", "categoria": "Panaderia", "ingresos": 25799500.0}, {"mes": "2023-05", "categoria": "Sin Categoria", "ingresos": 0.0}, {"mes": "2023-05", "categoria": "Snacks", "ingresos": 366000.0}, {"mes": "2023-05", "categoria": "xAdiciones", "ingresos": 17500.0}, {"mes": "2023-06", "categoria": "Bebidas Caliente", "ingresos": 17533000.0}, {"mes": "2023-06", "categoria": "Bebidas Frias", "ingresos": 5250600.0}, {"mes": "2023-06", "categoria": "Panaderia", "ingresos": 22766500.0}, {"mes": "2023-06", "categoria": "Sin Categoria", "ingresos": 0.0}, {"mes": "2023-06", "categoria": "Snacks", "ingresos": 291000.0}, {"mes": "2023-06", "categoria": "xAdiciones", "ingresos": 19000.0}, {"mes": "2023-07", "categoria": "Bebidas Caliente", "ingresos": 18372000.0}, {"mes": "2023-07", "categoria": "Bebidas Frias", "ingresos": 5741400.0}, {"mes": "2023-07", "categoria": "Panaderia", "ingresos": 25253500.0}, {"mes": "2023-07", "categoria": "Sin Categoria", "ingresos": 0.0}, {"mes": "2023-07", "categoria": "Snacks", "ingresos": 510000.0}, {"mes": "2023-07", "categoria": "xAdiciones", "ingresos": 17500.0}, {"mes": "2023-08", "categoria": "Bebidas Caliente", "ingresos": 19442000.0}, {"mes": "2023-08", "categoria": "Bebidas Frias", "ingresos": 6150900.0}, {"mes": "2023-08", "categoria": "Panaderia", "ingresos": 28177500.0}, {"mes": "2023-08", "categoria": "Sin Categoria", "ingresos": 0.0}, {"mes": "2023-08", "categoria": "Snacks", "ingresos": 381000.0}, {"mes": "2023-08", "categoria": "xAdiciones", "ingresos": 20000.0}, {"mes": "2023-09", "categoria": "Bebidas Caliente", "ingresos": 20175000.0}, {"mes": "2023-09", "categoria": "Bebidas Frias", "ingresos": 7338500.0}, {"mes": "2023-09", "categoria": "Panaderia", "ingresos": 28675000.0}, {"mes": "2023-09", "categoria": "Sin Categoria", "ingresos": 0.0}, {"mes": "2023-09", "categoria": "Snacks", "ingresos": 228000.0}, {"mes": "2023-09", "categoria": "xAdiciones", "ingresos": 24500.0}, {"mes": "2023-10", "categoria": "Bebidas Caliente", "ingresos": 22352500.0}, {"mes": "2023-10", "categoria": "Bebidas Frias", "ingresos": 5209800.0}, {"mes": "2023-10", "categoria": "Panaderia", "ingresos": 26812500.0}, {"mes": "2023-10", "categoria": "Sin Categoria", "ingresos": 0.0}, {"mes": "2023-10", "categoria": "Snacks", "ingresos": 474000.0}, {"mes": "2023-10", "categoria": "xAdiciones", "ingresos": 47000.0}, {"mes": "2023-11", "categoria": "Bebidas Caliente", "ingresos": 21718500.0}, {"mes": "2023-11", "categoria": "Bebidas Frias", "ingresos": 5463000.0}, {"mes": "2023-11", "categoria": "Panaderia", "ingresos": 24432000.0}, {"mes": "2023-11", "categoria": "Sin Categoria", "ingresos": 0.0}, {"mes": "2023-11", "categoria": "Snacks", "ingresos": 237000.0}, {"mes": "2023-11", "categoria": "xAdiciones", "ingresos": 17000.0}, {"mes": "2023-12", "categoria": "Bebidas Caliente", "ingresos": 20032500.0}, {"mes": "2023-12", "categoria": "Bebidas Frias", "ingresos": 6332500.0}, {"mes": "2023-12", "categoria": "Panaderia", "ingresos": 23133500.0}, {"mes": "2023-12", "categoria": "Sin Categoria", "ingresos": 0.0}, {"mes": "2023-12", "categoria": "Snacks", "ingresos": 270000.0}, {"mes": "2023-12", "categoria": "xAdiciones", "ingresos": 20000.0}, {"mes": "2024-01", "categoria": "Bebidas Caliente", "ingresos": 20542500.0}, {"mes": "2024-01", "categoria": "Bebidas Frias", "ingresos": 8306900.0}, {"mes": "2024-01", "categoria": "Panaderia", "ingresos": 24703000.0}, {"mes": "2024-01", "categoria": "Sin Categoria", "ingresos": 0.0}, {"mes": "2024-01", "categoria": "Snacks", "ingresos": 261000.0}, {"mes": "2024-01", "categoria": "xAdiciones", "ingresos": 27500.0}, {"mes": "2024-02", "categoria": "Bebidas Caliente", "ingresos": 23834500.0}, {"mes": "2024-02", "categoria": "Bebidas Frias", "ingresos": 7368400.0}, {"mes": "2024-02", "categoria": "Panaderia", "ingresos": 25129000.0}, {"mes": "2024-02", "categoria": "Sin Categoria", "ingresos": 0.0}, {"mes": "2024-02", "categoria": "Snacks", "ingresos": 306000.0}, {"mes": "2024-02", "categoria": "xAdiciones", "ingresos": 35000.0}, {"mes": "2024-03", "categoria": "Bebidas Caliente", "ingresos": 19819500.0}, {"mes": "2024-03", "categoria": "Bebidas Frias", "ingresos": 6422500.0}, {"mes": "2024-03", "categoria": "Panaderia", "ingresos": 54828500.0}, {"mes": "2024-03", "categoria": "Sin Categoria", "ingresos": 0.0}, {"mes": "2024-03", "categoria": "Snacks", "ingresos": 186000.0}, {"mes": "2024-03", "categoria": "xAdiciones", "ingresos": 22500.0}, {"mes": "2024-04", "categoria": "Bebidas Caliente", "ingresos": 30000500.0}, {"mes": "2024-04", "categoria": "Bebidas Frias", "ingresos": 6466500.0}, {"mes": "2024-04", "categoria": "Panaderia", "ingresos": 27991000.0}, {"mes": "2024-04", "categoria": "Sin Categoria", "ingresos": 0.0}, {"mes": "2024-04", "categoria": "Snacks", "ingresos": 219000.0}, {"mes": "2024-04", "categoria": "xAdiciones", "ingresos": 48500.0}, {"mes": "2024-05", "categoria": "Bebidas Caliente", "ingresos": 33400500.0}, {"mes": "2024-05", "categoria": "Bebidas Frias", "ingresos": 6146000.0}, {"mes": "2024-05", "categoria": "Panaderia", "ingresos": 31568000.0}, {"mes": "2024-05", "categoria": "Sin Categoria", "ingresos": 0.0}, {"mes": "2024-05", "categoria": "Snacks", "ingresos": 189000.0}, {"mes": "2024-05", "categoria": "xAdiciones", "ingresos": 121000.0}, {"mes": "2024-06", "categoria": "Bebidas Caliente", "ingresos": 21483500.0}, {"mes": "2024-06", "categoria": "Bebidas Frias", "ingresos": 3782000.0}, {"mes": "2024-06", "categoria": "Panaderia", "ingresos": 17665000.0}, {"mes": "2024-06", "categoria": "Snacks", "ingresos": 117000.0}, {"mes": "2024-06", "categoria": "xAdiciones", "ingresos": 54500.0}, {"mes": "2024-07", "categoria": "Bebidas Caliente", "ingresos": 34697500.0}, {"mes": "2024-07", "categoria": "Bebidas Frias", "ingresos": 7748500.0}, {"mes": "2024-07", "categoria": "Panaderia", "ingresos": 29993496.0}, {"mes": "2024-07", "categoria": "Sin Categoria", "ingresos": 0.0}, {"mes": "2024-07", "categoria": "Snacks", "ingresos": 228000.0}, {"mes": "2024-07", "categoria": "xAdiciones", "ingresos": 87000.0}, {"mes": "2024-08", "categoria": "Bebidas Caliente", "ingresos": 33181500.0}, {"mes": "2024-08", "categoria": "Bebidas Frias", "ingresos": 8744000.0}, {"mes": "2024-08", "categoria": "Panaderia", "ingresos": 28082500.0}, {"mes": "2024-08", "categoria": "Sin Categoria", "ingresos": 0.0}, {"mes": "2024-08", "categoria": "Snacks", "ingresos": 366000.0}, {"mes": "2024-08", "categoria": "xAdiciones", "ingresos": 61500.0}, {"mes": "2024-09", "categoria": "Bebidas Caliente", "ingresos": 30392000.0}, {"mes": "2024-09", "categoria": "Bebidas Frias", "ingresos": 9404300.0}, {"mes": "2024-09", "categoria": "Panaderia", "ingresos": 25828000.0}, {"mes": "2024-09", "categoria": "Sin Categoria", "ingresos": 0.0}, {"mes": "2024-09", "categoria": "Snacks", "ingresos": 321000.0}, {"mes": "2024-09", "categoria": "xAdiciones", "ingresos": 65000.0}, {"mes": "2024-10", "categoria": "Bebidas Caliente", "ingresos": 35829500.0}, {"mes": "2024-10", "categoria": "Bebidas Frias", "ingresos": 7537500.0}, {"mes": "2024-10", "categoria": "Panaderia", "ingresos": 34651500.0}, {"mes": "2024-10", "categoria": "Sin Categoria", "ingresos": 0.0}, {"mes": "2024-10", "categoria": "Snacks", "ingresos": 387000.0}, {"mes": "2024-10", "categoria": "xAdiciones", "ingresos": 99500.0}, {"mes": "2024-11", "categoria": "Bebidas Caliente", "ingresos": 35793000.0}, {"mes": "2024-11", "categoria": "Bebidas Frias", "ingresos": 5680000.0}, {"mes": "2024-11", "categoria": "Panaderia", "ingresos": 29925500.0}, {"mes": "2024-11", "categoria": "Sin Categoria", "ingresos": 0.0}, {"mes": "2024-11", "categoria": "Snacks", "ingresos": 228000.0}, {"mes": "2024-11", "categoria": "xAdiciones", "ingresos": 47000.0}, {"mes": "2024-12", "categoria": "Bebidas Caliente", "ingresos": 18902000.0}, {"mes": "2024-12", "categoria": "Bebidas Frias", "ingresos": 3774000.0}, {"mes": "2024-12", "categoria": "Panaderia", "ingresos": 15005000.0}, {"mes": "2024-12", "categoria": "Sin Categoria", "ingresos": 0.0}, {"mes": "2024-12", "categoria": "Snacks", "ingresos": 33000.0}, {"mes": "2024-12", "categoria": "xAdiciones", "ingresos": 50000.0}, {"mes": "2025-01", "categoria": "Bebidas Caliente", "ingresos": 21574500.0}, {"mes": "2025-01", "categoria": "Bebidas Frias", "ingresos": 5033000.0}, {"mes": "2025-01", "categoria": "Panaderia", "ingresos": 16044500.0}, {"mes": "2025-01", "categoria": "Sin Categoria", "ingresos": 0.0}, {"mes": "2025-01", "categoria": "Snacks", "ingresos": 162000.0}, {"mes": "2025-01", "categoria": "xAdiciones", "ingresos": 48000.0}, {"mes": "2025-02", "categoria": "Bebidas Caliente", "ingresos": 45770000.0}, {"mes": "2025-02", "categoria": "Bebidas Frias", "ingresos": 7540000.0}, {"mes": "2025-02", "categoria": "Panaderia", "ingresos": 34725500.0}, {"mes": "2025-02", "categoria": "Sin Categoria", "ingresos": 0.0}, {"mes": "2025-02", "categoria": "Snacks", "ingresos": 240000.0}, {"mes": "2025-02", "categoria": "xAdiciones", "ingresos": 142000.0}, {"mes": "2025-03", "categoria": "Bebidas Caliente", "ingresos": 47351000.0}, {"mes": "2025-03", "categoria": "Bebidas Frias", "ingresos": 8061000.0}, {"mes": "2025-03", "categoria": "Panaderia", "ingresos": 37634000.0}, {"mes": "2025-03", "categoria": "Sin Categoria", "ingresos": 0.0}, {"mes": "2025-03", "categoria": "Snacks", "ingresos": 288000.0}, {"mes": "2025-03", "categoria": "xAdiciones", "ingresos": 118000.0}, {"mes": "2025-04", "categoria": "Bebidas Caliente", "ingresos": 42922000.0}, {"mes": "2025-04", "categoria": "Bebidas Frias", "ingresos": 9174000.0}, {"mes": "2025-04", "categoria": "Panaderia", "ingresos": 36986500.0}, {"mes": "2025-04", "categoria": "Sin Categoria", "ingresos": 0.0}, {"mes": "2025-04", "categoria": "Snacks", "ingresos": 237000.0}, {"mes": "2025-04", "categoria": "xAdiciones", "ingresos": 150500.0}, {"mes": "2025-05", "categoria": "Bebidas Caliente", "ingresos": 42855500.0}, {"mes": "2025-05", "categoria": "Bebidas Frias", "ingresos": 9118000.0}, {"mes": "2025-05", "categoria": "Panaderia", "ingresos": 36963000.0}, {"mes": "2025-05", "categoria": "Sin Categoria", "ingresos": 0.0}, {"mes": "2025-05", "categoria": "Snacks", "ingresos": 255000.0}, {"mes": "2025-05", "categoria": "xAdiciones", "ingresos": 155000.0}, {"mes": "2025-06", "categoria": "Bebidas Caliente", "ingresos": 39793500.0}, {"mes": "2025-06", "categoria": "Bebidas Frias", "ingresos": 7836500.0}, {"mes": "2025-06", "categoria": "Panaderia", "ingresos": 35958500.0}, {"mes": "2025-06", "categoria": "Sin Categoria", "ingresos": 0.0}, {"mes": "2025-06", "categoria": "Snacks", "ingresos": 285000.0}, {"mes": "2025-06", "categoria": "xAdiciones", "ingresos": 97500.0}, {"mes": "2025-07", "categoria": "Bebidas Caliente", "ingresos": 49946000.0}, {"mes": "2025-07", "categoria": "Bebidas Frias", "ingresos": 11954500.0}, {"mes": "2025-07", "categoria": "Panaderia", "ingresos": 39945500.0}, {"mes": "2025-07", "categoria": "Sin Categoria", "ingresos": 0.0}, {"mes": "2025-07", "categoria": "Snacks", "ingresos": 300000.0}, {"mes": "2025-07", "categoria": "xAdiciones", "ingresos": 112000.0}, {"mes": "2025-08", "categoria": "Bebidas Caliente", "ingresos": 49696500.0}, {"mes": "2025-08", "categoria": "Bebidas Frias", "ingresos": 10826000.0}, {"mes": "2025-08", "categoria": "Panaderia", "ingresos": 36129500.0}, {"mes": "2025-08", "categoria": "Sin Categoria", "ingresos": 0.0}, {"mes": "2025-08", "categoria": "Snacks", "ingresos": 240000.0}, {"mes": "2025-08", "categoria": "xAdiciones", "ingresos": 121000.0}, {"mes": "2025-09", "categoria": "Bebidas Caliente", "ingresos": 49300000.0}, {"mes": "2025-09", "categoria": "Bebidas Frias", "ingresos": 10867500.0}, {"mes": "2025-09", "categoria": "Panaderia", "ingresos": 38086500.0}, {"mes": "2025-09", "categoria": "Sin Categoria", "ingresos": 0.0}, {"mes": "2025-09", "categoria": "Snacks", "ingresos": 252000.0}, {"mes": "2025-09", "categoria": "xAdiciones", "ingresos": 144000.0}, {"mes": "2025-10", "categoria": "Bebidas Caliente", "ingresos": 55053000.0}, {"mes": "2025-10", "categoria": "Bebidas Frias", "ingresos": 8006500.0}, {"mes": "2025-10", "categoria": "Panaderia", "ingresos": 40247500.0}, {"mes": "2025-10", "categoria": "Sin Categoria", "ingresos": 0.0}, {"mes": "2025-10", "categoria": "Snacks", "ingresos": 183000.0}, {"mes": "2025-10", "categoria": "xAdiciones", "ingresos": 132000.0}, {"mes": "2025-11", "categoria": "Bebidas Caliente", "ingresos": 40848000.0}, {"mes": "2025-11", "categoria": "Bebidas Frias", "ingresos": 7113500.0}, {"mes": "2025-11", "categoria": "Panaderia", "ingresos": 33210500.0}, {"mes": "2025-11", "categoria": "Sin Categoria", "ingresos": 0.0}, {"mes": "2025-11", "categoria": "Snacks", "ingresos": 243000.0}, {"mes": "2025-11", "categoria": "xAdiciones", "ingresos": 116500.0}, {"mes": "2025-12", "categoria": "Bebidas Caliente", "ingresos": 44453500.0}, {"mes": "2025-12", "categoria": "Bebidas Frias", "ingresos": 9447000.0}, {"mes": "2025-12", "categoria": "Panaderia", "ingresos": 32476500.0}, {"mes": "2025-12", "categoria": "Sin Categoria", "ingresos": 0.0}, {"mes": "2025-12", "categoria": "Snacks", "ingresos": 309000.0}, {"mes": "2025-12", "categoria": "xAdiciones", "ingresos": 105500.0}, {"mes": "2026-01", "categoria": "Bebidas Caliente", "ingresos": 52184500.0}, {"mes": "2026-01", "categoria": "Bebidas Frias", "ingresos": 7601000.0}, {"mes": "2026-01", "categoria": "Panaderia", "ingresos": 38180500.0}, {"mes": "2026-01", "categoria": "Sin Categoria", "ingresos": 0.0}, {"mes": "2026-01", "categoria": "Snacks", "ingresos": 171000.0}, {"mes": "2026-01", "categoria": "xAdiciones", "ingresos": 197500.0}, {"mes": "2026-02", "categoria": "Bebidas Caliente", "ingresos": 6695500.0}, {"mes": "2026-02", "categoria": "Bebidas Frias", "ingresos": 1195000.0}, {"mes": "2026-02", "categoria": "Panaderia", "ingresos": 5559500.0}, {"mes": "2026-02", "categoria": "Snacks", "ingresos": 18000.0}, {"mes": "2026-02", "categoria": "xAdiciones", "ingresos": 15000.0}], "treemap": [{"product_category": "Bebidas Caliente", "product_name": "Americano 4oz", "revenue": 195515600.0}, {"product_category": "Bebidas Caliente", "product_name": "Americano 7oz", "revenue": 190868900.0}, {"product_category": "Bebidas Caliente", "product_name": "Americano 9oz", "revenue": 35477800.0}, {"product_category": "Bebidas Caliente", "product_name": "Aromatica Frutos 7oz", "revenue": 23248300.0}, {"product_category": "Bebidas Caliente", "product_name": "Aromatica Sencilla 7oz", "revenue": 24962300.0}, {"product_category": "Bebidas Caliente", "product_name": "Cafe Irlandes", "revenue": 2044000.0}, {"product_category": "Bebidas Caliente", "product_name": "Capuccino 7oz", "revenue": 155032700.0}, {"product_category": "Bebidas Caliente", "product_name": "Capuccino 9oz", "revenue": 85015900.0}, {"product_category": "Bebidas Caliente", "product_name": "Capuchino Baileys 9oz", "revenue": 3392000.0}, {"product_category": "Bebidas Caliente", "product_name": "Chocolate Agua 7oz", "revenue": 10738200.0}, {"product_category": "Bebidas Caliente", "product_name": "Chocolate Agua 9oz", "revenue": 5674200.0}, {"product_category": "Bebidas Caliente", "product_name": "Chocolate Leche 7oz", "revenue": 21185400.0}, {"product_category": "Bebidas Caliente", "product_name": "Chocolate Leche 9oz", "revenue": 20333300.0}, {"product_category": "Bebidas Caliente", "product_name": "Espresso Doble", "revenue": 9371700.0}, {"product_category": "Bebidas Caliente", "product_name": "Espresso Sencillo", "revenue": 8329300.0}, {"product_category": "Bebidas Caliente", "product_name": "Infusion", "revenue": 5116400.0}, {"product_category": "Bebidas Caliente", "product_name": "Latte 7oz", "revenue": 254576500.0}, {"product_category": "Bebidas Caliente", "product_name": "Latte 9oz", "revenue": 76177500.0}, {"product_category": "Bebidas Caliente", "product_name": "Leche 7oz", "revenue": 937000.0}, {"product_category": "Bebidas Caliente", "product_name": "Leche 9oz", "revenue": 427000.0}, {"product_category": "Bebidas Caliente", "product_name": "Macciato", "revenue": 1838700.0}, {"product_category": "Bebidas Caliente", "product_name": "Milo Caliente 9oz", "revenue": 116002900.0}, {"product_category": "Bebidas Caliente", "product_name": "Mocaccino 7oz", "revenue": 12036800.0}, {"product_category": "Bebidas Caliente", "product_name": "Mocaccino 9ox", "revenue": 5533000.0}, {"product_category": "Bebidas Caliente", "product_name": "Mocaccino 9oz", "revenue": 3050300.0}, {"product_category": "Bebidas Caliente", "product_name": "Te Chai", "revenue": 17160500.0}, {"product_category": "Bebidas Frias", "product_name": "Adicion Leche", "revenue": 845500.0}, {"product_category": "Bebidas Frias", "product_name": "Agua", "revenue": 46997400.0}, {"product_category": "Bebidas Frias", "product_name": "Agua Saborizada", "revenue": 3940500.0}, {"product_category": "Bebidas Frias", "product_name": "Agua con gas", "revenue": 10771100.0}, {"product_category": "Bebidas Frias", "product_name": "Agua manantial Gas", "revenue": 1899000.0}, {"product_category": "Bebidas Frias", "product_name": "Avena Alpina", "revenue": 17897900.0}, {"product_category": "Bebidas Frias", "product_name": "Cerveza Heineken", "revenue": 857000.0}, {"product_category": "Bebidas Frias", "product_name": "Club Dorada", "revenue": 5458500.0}, {"product_category": "Bebidas Frias", "product_name": "Coca Cola", "revenue": 18654200.0}, {"product_category": "Bebidas Frias", "product_name": "Coca Cola Zero", "revenue": 9739200.0}, {"product_category": "Bebidas Frias", "product_name": "Fuze Tea Durazno", "revenue": 3917600.0}, {"product_category": "Bebidas Frias", "product_name": "Fuze Tea Limon", "revenue": 3865600.0}, {"product_category": "Bebidas Frias", "product_name": "Fuze Tea Mango", "revenue": 48000.0}, {"product_category": "Bebidas Frias", "product_name": "Fuze Tea Manzana", "revenue": 146800.0}, {"product_category": "Bebidas Frias", "product_name": "GATORADE S/A", "revenue": 1771500.0}, {"product_category": "Bebidas Frias", "product_name": "Gatorade", "revenue": 11879000.0}, {"product_category": "Bebidas Frias", "product_name": "Ginger", "revenue": 3550700.0}, {"product_category": "Bebidas Frias", "product_name": "Granizado Cafe", "revenue": 24967000.0}, {"product_category": "Bebidas Frias", "product_name": "Granizado Fruta", "revenue": 2932000.0}, {"product_category": "Bebidas Frias", "product_name": "Granizado Milo", "revenue": 4213000.0}, {"product_category": "Bebidas Frias", "product_name": "JUGO  HIT", "revenue": 12082000.0}, {"product_category": "Bebidas Frias", "product_name": "Jugo Fresa", "revenue": 1134300.0}, {"product_category": "Bebidas Frias", "product_name": "Jugo Funcional Bngali", "revenue": 1336000.0}, {"product_category": "Bebidas Frias", "product_name": "Jugo Funcional ambar", "revenue": 1538500.0}, {"product_category": "Bebidas Frias", "product_name": "Jugo Funcional verde", "revenue": 2778000.0}, {"product_category": "Bebidas Frias", "product_name": "Jugo Guanabana", "revenue": 1934900.0}, {"product_category": "Bebidas Frias", "product_name": "Jugo Mango", "revenue": 3157700.0}, {"product_category": "Bebidas Frias", "product_name": "Jugo Maracuya", "revenue": 2682500.0}, {"product_category": "Bebidas Frias", "product_name": "Jugo Mora", "revenue": 2770400.0}, {"product_category": "Bebidas Frias", "product_name": "Jugo Uva", "revenue": 469300.0}, {"product_category": "Bebidas Frias", "product_name": "Jugo de naranja", "revenue": 68800.0}, {"product_category": "Bebidas Frias", "product_name": "Jugo en leche", "revenue": 7596000.0}, {"product_category": "Bebidas Frias", "product_name": "Jugo lulo", "revenue": 1601700.0}, {"product_category": "Bebidas Frias", "product_name": "Jugó de piña", "revenue": 503700.0}, {"product_category": "Bebidas Frias", "product_name": "Kumis Alpina", "revenue": 2709800.0}, {"product_category": "Bebidas Frias", "product_name": "Limonada Mango Biche", "revenue": 2256500.0}, {"product_category": "Bebidas Frias", "product_name": "Limonada de Coco", "revenue": 4078900.0}, {"product_category": "Bebidas Frias", "product_name": "Limonada de Yerbabuena", "revenue": 102700.0}, {"product_category": "Bebidas Frias", "product_name": "Limonada natural", "revenue": 4310000.0}, {"product_category": "Bebidas Frias", "product_name": "Ponche", "revenue": 146000.0}, {"product_category": "Bebidas Frias", "product_name": "Powerade", "revenue": 2181500.0}, {"product_category": "Bebidas Frias", "product_name": "Soda Hastsu sandia albaca", "revenue": 1165500.0}, {"product_category": "Bebidas Frias", "product_name": "Soda Hatsu Frambuesa", "revenue": 4935300.0}, {"product_category": "Bebidas Frias", "product_name": "Soda Hatsu Limon", "revenue": 2506600.0}, {"product_category": "Bebidas Frias", "product_name": "Soda Hatsu Romero", "revenue": 1778500.0}, {"product_category": "Bebidas Frias", "product_name": "Soda S", "revenue": 7600800.0}, {"product_category": "Bebidas Frias", "product_name": "Te Hatsu Blanco", "revenue": 4222500.0}, {"product_category": "Bebidas Frias", "product_name": "Te Hatsu Negro", "revenue": 9780900.0}, {"product_category": "Bebidas Frias", "product_name": "Te Hatsu Rojo", "revenue": 3516100.0}, {"product_category": "Bebidas Frias", "product_name": "Yogurt Alpina", "revenue": 10013400.0}, {"product_category": "Panaderia", "product_name": "Chicharron", "revenue": 73401797.0}, {"product_category": "Panaderia", "product_name": "Corazon", "revenue": 8792900.0}, {"product_category": "Panaderia", "product_name": "Croissant Almendras", "revenue": 96127000.0}, {"product_category": "Panaderia", "product_name": "Croissant Chocolate", "revenue": 20241000.0}, {"product_category": "Panaderia", "product_name": "Croissant Integral", "revenue": 15415100.0}, {"product_category": "Panaderia", "product_name": "Croissant Jamon y Queso", "revenue": 92085900.0}, {"product_category": "Panaderia", "product_name": "Croissant Queso", "revenue": 110651500.0}, {"product_category": "Panaderia", "product_name": "Croissant Sencillo", "revenue": 72728999.0}, {"product_category": "Panaderia", "product_name": "Empanada de cambrai", "revenue": 29741400.0}, {"product_category": "Panaderia", "product_name": "Galleta Avena", "revenue": 6356100.0}, {"product_category": "Panaderia", "product_name": "Galleta Chocochips", "revenue": 5670600.0}, {"product_category": "Panaderia", "product_name": "Mogolla", "revenue": 13380500.0}, {"product_category": "Panaderia", "product_name": "Palito de queso", "revenue": 113070300.0}, {"product_category": "Panaderia", "product_name": "Pan de Chocolate", "revenue": 43090100.0}, {"product_category": "Panaderia", "product_name": "Pandebono", "revenue": 53330000.0}, {"product_category": "Panaderia", "product_name": "Pandequeso", "revenue": 45580300.0}, {"product_category": "Panaderia", "product_name": "Pandeyuca", "revenue": 44886100.0}, {"product_category": "Panaderia", "product_name": "Pastel Gloria", "revenue": 33658100.0}, {"product_category": "Panaderia", "product_name": "Pastel de carne", "revenue": 33340500.0}, {"product_category": "Panaderia", "product_name": "Pastel de pollo", "revenue": 101167500.0}, {"product_category": "Panaderia", "product_name": "Roscon Bocadillo", "revenue": 3260000.0}, {"product_category": "Panaderia", "product_name": "Roscón Arequipe", "revenue": 938300.0}, {"product_category": "Panaderia", "product_name": "Sandwich", "revenue": 6600.0}, {"product_category": "Panaderia", "product_name": "Sandwich Baguette", "revenue": 49279300.0}, {"product_category": "Panaderia", "product_name": "Sandwich Croissant", "revenue": 93437000.0}, {"product_category": "Panaderia", "product_name": "Sandwich Pan Integral", "revenue": 94500.0}, {"product_category": "Panaderia", "product_name": "Sandwich Tradicional", "revenue": 47246300.0}, {"product_category": "Panaderia", "product_name": "Torta De Zanahoria", "revenue": 352500.0}, {"product_category": "Panaderia", "product_name": "Torta Envinada", "revenue": 735500.0}, {"product_category": "Panaderia", "product_name": "Torta Naranja Y amapola", "revenue": 19391500.0}, {"product_category": "Panaderia", "product_name": "Torta de Maracuya", "revenue": 1689500.0}, {"product_category": "Snacks", "product_name": "Barra Tosh", "revenue": 6619400.0}, {"product_category": "Snacks", "product_name": "Galletas Tosh", "revenue": 4281000.0}, {"product_category": "xAdiciones", "product_name": "Adicion Baileys", "revenue": 220500.0}, {"product_category": "xAdiciones", "product_name": "Adición Michelada", "revenue": 229000.0}, {"product_category": "xAdiciones", "product_name": "Adición Vainilla", "revenue": 2193500.0}, {"product_category": "xAdiciones", "product_name": "Adición whiskey", "revenue": 608000.0}], "product_table": [{"product_category": "Bebidas Caliente", "product_name": "Latte 7oz", "qty": 30358.0, "revenue": 254576500.0, "cost": 36429600.0, "avg_price": 6883.628553896502, "margin": 218146900.0, "margin_pct": 85.7}, {"product_category": "Bebidas Caliente", "product_name": "Americano 4oz", "qty": 45706.0, "revenue": 195515600.0, "cost": 32359848.0, "avg_price": 3669.8368622006246, "margin": 163155752.0, "margin_pct": 83.4}, {"product_category": "Bebidas Caliente", "product_name": "Americano 7oz", "qty": 28997.0, "revenue": 190868900.0, "cost": 27112195.0, "avg_price": 5460.365624608707, "margin": 163756705.0, "margin_pct": 85.8}, {"product_category": "Bebidas Caliente", "product_name": "Capuccino 7oz", "qty": 18827.0, "revenue": 155032700.0, "cost": 22592400.0, "avg_price": 6878.5315924151955, "margin": 132440300.0, "margin_pct": 85.4}, {"product_category": "Bebidas Caliente", "product_name": "Milo Caliente 9oz", "qty": 14238.0, "revenue": 116002900.0, "cost": 29187900.0, "avg_price": 7136.480651054642, "margin": 86815000.0, "margin_pct": 74.8}, {"product_category": "Panaderia", "product_name": "Palito de queso", "qty": 15357.0, "revenue": 113070300.0, "cost": 33017550.0, "avg_price": 5763.252282090637, "margin": 80052750.0, "margin_pct": 70.8}, {"product_category": "Panaderia", "product_name": "Croissant Queso", "qty": 14960.0, "revenue": 110651500.0, "cost": 23038400.0, "avg_price": 5812.014224028448, "margin": 87613100.0, "margin_pct": 79.2}, {"product_category": "Panaderia", "product_name": "Pastel de pollo", "qty": 8338.0, "revenue": 101167500.0, "cost": 31651048.0, "avg_price": 7025.082650567773, "margin": 69516452.0, "margin_pct": 68.7}, {"product_category": "Panaderia", "product_name": "Croissant Almendras", "qty": 11466.0, "revenue": 96127000.0, "cost": 23963940.0, "avg_price": 5922.2461712989225, "margin": 72163060.0, "margin_pct": 75.1}, {"product_category": "Panaderia", "product_name": "Sandwich Croissant", "qty": 10643.0, "revenue": 93437000.0, "cost": 21967152.0, "avg_price": 7133.024935123547, "margin": 71469848.0, "margin_pct": 76.5}, {"product_category": "Panaderia", "product_name": "Croissant Jamon y Queso", "qty": 12172.0, "revenue": 92085900.0, "cost": 30795160.0, "avg_price": 6173.127885966674, "margin": 61290740.0, "margin_pct": 66.6}, {"product_category": "Bebidas Caliente", "product_name": "Capuccino 9oz", "qty": 9799.0, "revenue": 85015900.0, "cost": 14404530.0, "avg_price": 7622.490007053844, "margin": 70611370.0, "margin_pct": 83.1}, {"product_category": "Bebidas Caliente", "product_name": "Latte 9oz", "qty": 8584.0, "revenue": 76177500.0, "cost": 12618480.0, "avg_price": 7798.509095882916, "margin": 63559020.0, "margin_pct": 83.4}, {"product_category": "Panaderia", "product_name": "Chicharron", "qty": 9806.0, "revenue": 73401797.0, "cost": 19254081.0, "avg_price": 5632.024472049689, "margin": 54147716.0, "margin_pct": 73.8}, {"product_category": "Panaderia", "product_name": "Croissant Sencillo", "qty": 10264.0, "revenue": 72728999.0, "cost": 13035280.0, "avg_price": 5295.641093474427, "margin": 59693719.0, "margin_pct": 82.1}, {"product_category": "Panaderia", "product_name": "Pandebono", "qty": 9144.0, "revenue": 53330000.0, "cost": 15544800.0, "avg_price": 4337.451133698201, "margin": 37785200.0, "margin_pct": 70.9}, {"product_category": "Panaderia", "product_name": "Sandwich Baguette", "qty": 5267.0, "revenue": 49279300.0, "cost": 25281600.0, "avg_price": 8431.99081803005, "margin": 23997700.0, "margin_pct": 48.7}, {"product_category": "Panaderia", "product_name": "Sandwich Tradicional", "qty": 5162.0, "revenue": 47246300.0, "cost": 23229000.0, "avg_price": 8404.207188160677, "margin": 24017300.0, "margin_pct": 50.8}, {"product_category": "Bebidas Frias", "product_name": "Agua", "qty": 10969.0, "revenue": 46997400.0, "cost": 14621677.0, "avg_price": 3918.253343823761, "margin": 32375723.0, "margin_pct": 68.9}, {"product_category": "Panaderia", "product_name": "Pandequeso", "qty": 8540.0, "revenue": 45580300.0, "cost": 14518000.0, "avg_price": 4068.5538558586973, "margin": 31062300.0, "margin_pct": 68.1}, {"product_category": "Panaderia", "product_name": "Pandeyuca", "qty": 8825.0, "revenue": 44886100.0, "cost": 11384250.0, "avg_price": 3905.0713860797146, "margin": 33501850.0, "margin_pct": 74.6}, {"product_category": "Panaderia", "product_name": "Pan de Chocolate", "qty": 7046.0, "revenue": 43090100.0, "cost": 13951080.0, "avg_price": 5252.660277594184, "margin": 29139020.0, "margin_pct": 67.6}, {"product_category": "Bebidas Caliente", "product_name": "Americano 9oz", "qty": 5063.0, "revenue": 35477800.0, "cost": 6617341.0, "avg_price": 6176.6468385106855, "margin": 28860459.0, "margin_pct": 81.3}, {"product_category": "Panaderia", "product_name": "Pastel Gloria", "qty": 5013.0, "revenue": 33658100.0, "cost": 9843025.5, "avg_price": 5543.388528917687, "margin": 23815074.5, "margin_pct": 70.8}, {"product_category": "Panaderia", "product_name": "Pastel de carne", "qty": 4375.0, "revenue": 33340500.0, "cost": 16034375.0, "avg_price": 6749.803201259512, "margin": 17306125.0, "margin_pct": 51.9}, {"product_category": "Panaderia", "product_name": "Empanada de cambrai", "qty": 5779.0, "revenue": 29741400.0, "cost": 3351820.0, "avg_price": 4035.3982300884954, "margin": 26389580.0, "margin_pct": 88.7}, {"product_category": "Bebidas Frias", "product_name": "Granizado Cafe", "qty": 1614.0, "revenue": 24967000.0, "cost": 3776760.0, "avg_price": 13895.40636042403, "margin": 21190240.0, "margin_pct": 84.9}, {"product_category": "Bebidas Caliente", "product_name": "Aromatica Sencilla 7oz", "qty": 7378.0, "revenue": 24962300.0, "cost": 1475600.0, "avg_price": 3022.8389303482586, "margin": 23486700.0, "margin_pct": 94.1}, {"product_category": "Bebidas Caliente", "product_name": "Aromatica Frutos 7oz", "qty": 3130.0, "revenue": 23248300.0, "cost": 6749062.5, "avg_price": 6481.760299625468, "margin": 16499237.5, "margin_pct": 71.0}, {"product_category": "Bebidas Caliente", "product_name": "Chocolate Leche 7oz", "qty": 2932.0, "revenue": 21185400.0, "cost": 5131000.0, "avg_price": 6433.590733590733, "margin": 16054400.0, "margin_pct": 75.8}, {"product_category": "Bebidas Caliente", "product_name": "Chocolate Leche 9oz", "qty": 2382.0, "revenue": 20333300.0, "cost": 4764000.0, "avg_price": 7558.265452803066, "margin": 15569300.0, "margin_pct": 76.6}, {"product_category": "Panaderia", "product_name": "Croissant Chocolate", "qty": 3192.0, "revenue": 20241000.0, "cost": 5969040.0, "avg_price": 5490.856937970599, "margin": 14271960.0, "margin_pct": 70.5}, {"product_category": "Panaderia", "product_name": "Torta Naranja Y amapola", "qty": 2258.0, "revenue": 19391500.0, "cost": 6999800.0, "avg_price": 7550.798258345428, "margin": 12391700.0, "margin_pct": 63.9}, {"product_category": "Bebidas Frias", "product_name": "Coca Cola", "qty": 3772.0, "revenue": 18654200.0, "cost": 8079624.0, "avg_price": 4471.375251220213, "margin": 10574576.0, "margin_pct": 56.7}, {"product_category": "Bebidas Frias", "product_name": "Avena Alpina", "qty": 2598.0, "revenue": 17897900.0, "cost": 7453662.0, "avg_price": 6250.959488272921, "margin": 10444238.0, "margin_pct": 58.4}, {"product_category": "Bebidas Caliente", "product_name": "Te Chai", "qty": 1323.0, "revenue": 17160500.0, "cost": 3704400.0, "avg_price": 11732.280102476516, "margin": 13456100.0, "margin_pct": 78.4}, {"product_category": "Panaderia", "product_name": "Croissant Integral", "qty": 3666.0, "revenue": 15415100.0, "cost": 2639520.0, "avg_price": 3407.1899965265716, "margin": 12775580.0, "margin_pct": 82.9}, {"product_category": "Panaderia", "product_name": "Mogolla", "qty": 3574.0, "revenue": 13380500.0, "cost": 2358840.0, "avg_price": 3097.1612031091586, "margin": 11021660.0, "margin_pct": 82.4}, {"product_category": "Bebidas Frias", "product_name": "JUGO  HIT", "qty": 2238.0, "revenue": 12082000.0, "cost": 5221254.0, "avg_price": 4952.649164677804, "margin": 6860746.0, "margin_pct": 56.8}, {"product_category": "Bebidas Caliente", "product_name": "Mocaccino 7oz", "qty": 1742.0, "revenue": 12036800.0, "cost": 2156596.0, "avg_price": 6343.76187460418, "margin": 9880204.0, "margin_pct": 82.1}, {"product_category": "Bebidas Frias", "product_name": "Gatorade", "qty": 1563.0, "revenue": 11879000.0, "cost": 4818729.0, "avg_price": 7154.891304347826, "margin": 7060271.0, "margin_pct": 59.4}, {"product_category": "Bebidas Frias", "product_name": "Agua con gas", "qty": 2146.0, "revenue": 10771100.0, "cost": 2861326.1799999997, "avg_price": 4712.981243830207, "margin": 7909773.82, "margin_pct": 73.4}, {"product_category": "Bebidas Caliente", "product_name": "Chocolate Agua 7oz", "qty": 1843.0, "revenue": 10738200.0, "cost": 1817198.0, "avg_price": 5331.872037914692, "margin": 8921002.0, "margin_pct": 83.1}, {"product_category": "Bebidas Frias", "product_name": "Yogurt Alpina", "qty": 1737.0, "revenue": 10013400.0, "cost": 3831822.0, "avg_price": 5204.025157232704, "margin": 6181578.0, "margin_pct": 61.7}, {"product_category": "Bebidas Frias", "product_name": "Te Hatsu Negro", "qty": 1081.0, "revenue": 9780900.0, "cost": 3738454.73, "avg_price": 8620.760233918129, "margin": 6042445.27, "margin_pct": 61.8}, {"product_category": "Bebidas Frias", "product_name": "Coca Cola Zero", "qty": 2139.0, "revenue": 9739200.0, "cost": 4312224.0, "avg_price": 4314.047151277014, "margin": 5426976.0, "margin_pct": 55.7}, {"product_category": "Bebidas Caliente", "product_name": "Espresso Doble", "qty": 1870.0, "revenue": 9371700.0, "cost": 2000900.0, "avg_price": 4764.379645511721, "margin": 7370800.0, "margin_pct": 78.6}, {"product_category": "Panaderia", "product_name": "Corazon", "qty": 1942.0, "revenue": 8792900.0, "cost": 3243140.0, "avg_price": 3734.135802469136, "margin": 5549760.0, "margin_pct": 63.1}, {"product_category": "Bebidas Caliente", "product_name": "Espresso Sencillo", "qty": 2146.0, "revenue": 8329300.0, "cost": 1566580.0, "avg_price": 3688.3456790123455, "margin": 6762720.0, "margin_pct": 81.2}, {"product_category": "Bebidas Frias", "product_name": "Soda S", "qty": 1416.0, "revenue": 7600800.0, "cost": 2761200.0, "avg_price": 4987.240584166027, "margin": 4839600.0, "margin_pct": 63.7}, {"product_category": "Bebidas Frias", "product_name": "Jugo en leche", "qty": 545.0, "revenue": 7596000.0, "cost": 0.0, "avg_price": 12336.886993603412, "margin": 7596000.0, "margin_pct": 100.0}, {"product_category": "Snacks", "product_name": "Barra Tosh", "qty": 1556.0, "revenue": 6619400.0, "cost": 1684821.24, "avg_price": 3571.9540229885056, "margin": 4934578.76, "margin_pct": 74.5}, {"product_category": "Panaderia", "product_name": "Galleta Avena", "qty": 1333.0, "revenue": 6356100.0, "cost": 2538032.0, "avg_price": 4334.962717481359, "margin": 3818068.0, "margin_pct": 60.1}, {"product_category": "Bebidas Caliente", "product_name": "Chocolate Agua 9oz", "qty": 850.0, "revenue": 5674200.0, "cost": 1147500.0, "avg_price": 6284.556962025316, "margin": 4526700.0, "margin_pct": 79.8}, {"product_category": "Panaderia", "product_name": "Galleta Chocochips", "qty": 1218.0, "revenue": 5670600.0, "cost": 2550492.0, "avg_price": 4285.688729874776, "margin": 3120108.0, "margin_pct": 55.0}, {"product_category": "Bebidas Caliente", "product_name": "Mocaccino 9ox", "qty": 615.0, "revenue": 5533000.0, "cost": 1230000.0, "avg_price": 8385.435168738899, "margin": 4303000.0, "margin_pct": 77.8}, {"product_category": "Bebidas Frias", "product_name": "Club Dorada", "qty": 451.0, "revenue": 5458500.0, "cost": 1488300.0, "avg_price": 9363.77245508982, "margin": 3970200.0, "margin_pct": 72.7}, {"product_category": "Bebidas Caliente", "product_name": "Infusion", "qty": 978.0, "revenue": 5116400.0, "cost": 489000.0, "avg_price": 4635.62945368171, "margin": 4627400.0, "margin_pct": 90.4}, {"product_category": "Bebidas Frias", "product_name": "Soda Hatsu Frambuesa", "qty": 780.0, "revenue": 4935300.0, "cost": 1917497.4, "avg_price": 5921.2824010914055, "margin": 3017802.6, "margin_pct": 61.1}, {"product_category": "Bebidas Frias", "product_name": "Limonada natural", "qty": 572.0, "revenue": 4310000.0, "cost": 1029600.0, "avg_price": 7009.560229445507, "margin": 3280400.0, "margin_pct": 76.1}, {"product_category": "Snacks", "product_name": "Galletas Tosh", "qty": 1137.0, "revenue": 4281000.0, "cost": 1450812.0, "avg_price": 3373.887240356083, "margin": 2830188.0, "margin_pct": 66.1}, {"product_category": "Bebidas Frias", "product_name": "Te Hatsu Blanco", "qty": 464.0, "revenue": 4222500.0, "cost": 1604665.1199999999, "avg_price": 8547.619047619048, "margin": 2617834.88, "margin_pct": 62.0}, {"product_category": "Bebidas Frias", "product_name": "Granizado Milo", "qty": 253.0, "revenue": 4213000.0, "cost": 455400.0, "avg_price": 14738.532110091743, "margin": 3757600.0, "margin_pct": 89.2}, {"product_category": "Bebidas Frias", "product_name": "Limonada de Coco", "qty": 347.0, "revenue": 4078900.0, "cost": 1110400.0, "avg_price": 10788.78205128205, "margin": 2968500.0, "margin_pct": 72.8}, {"product_category": "Bebidas Frias", "product_name": "Agua Saborizada", "qty": 887.0, "revenue": 3940500.0, "cost": 1847913.71, "avg_price": 4290.771028037383, "margin": 2092586.29, "margin_pct": 53.1}, {"product_category": "Bebidas Frias", "product_name": "Fuze Tea Durazno", "qty": 812.0, "revenue": 3917600.0, "cost": 2368604.0, "avg_price": 4600.514138817481, "margin": 1548996.0, "margin_pct": 39.5}, {"product_category": "Bebidas Frias", "product_name": "Fuze Tea Limon", "qty": 825.0, "revenue": 3865600.0, "cost": 2406525.0, "avg_price": 4486.683417085427, "margin": 1459075.0, "margin_pct": 37.7}, {"product_category": "Bebidas Frias", "product_name": "Ginger", "qty": 694.0, "revenue": 3550700.0, "cost": 986756.96, "avg_price": 4805.376344086021, "margin": 2563943.04, "margin_pct": 72.2}, {"product_category": "Bebidas Frias", "product_name": "Te Hatsu Rojo", "qty": 413.0, "revenue": 3516100.0, "cost": 1376529.0, "avg_price": 8290.02493765586, "margin": 2139571.0, "margin_pct": 60.9}, {"product_category": "Bebidas Caliente", "product_name": "Capuchino Baileys 9oz", "qty": 176.0, "revenue": 3392000.0, "cost": 1573440.0, "avg_price": 17710.69182389937, "margin": 1818560.0, "margin_pct": 53.6}, {"product_category": "Panaderia", "product_name": "Roscon Bocadillo", "qty": 591.0, "revenue": 3260000.0, "cost": 975150.0, "avg_price": 4998.158379373849, "margin": 2284850.0, "margin_pct": 70.1}, {"product_category": "Bebidas Frias", "product_name": "Jugo Mango", "qty": 469.0, "revenue": 3157700.0, "cost": 836381.77, "avg_price": 6493.227990970655, "margin": 2321318.23, "margin_pct": 73.5}, {"product_category": "Bebidas Caliente", "product_name": "Mocaccino 9oz", "qty": 441.0, "revenue": 3050300.0, "cost": 732060.0, "avg_price": 6286.034912718204, "margin": 2318240.0, "margin_pct": 76.0}, {"product_category": "Bebidas Frias", "product_name": "Granizado Fruta", "qty": 210.0, "revenue": 2932000.0, "cost": 381360.0, "avg_price": 12994.871794871795, "margin": 2550640.0, "margin_pct": 87.0}, {"product_category": "Bebidas Frias", "product_name": "Jugo Funcional verde", "qty": 362.0, "revenue": 2778000.0, "cost": 1034234.0, "avg_price": 7221.238938053098, "margin": 1743766.0, "margin_pct": 62.8}, {"product_category": "Bebidas Frias", "product_name": "Jugo Mora", "qty": 382.0, "revenue": 2770400.0, "cost": 808312.0, "avg_price": 6790.529247910864, "margin": 1962088.0, "margin_pct": 70.8}, {"product_category": "Bebidas Frias", "product_name": "Kumis Alpina", "qty": 448.0, "revenue": 2709800.0, "cost": 1052352.0, "avg_price": 5533.8199513382, "margin": 1657448.0, "margin_pct": 61.2}, {"product_category": "Bebidas Frias", "product_name": "Jugo Maracuya", "qty": 382.0, "revenue": 2682500.0, "cost": 1063106.0, "avg_price": 6740.934065934066, "margin": 1619394.0, "margin_pct": 60.4}, {"product_category": "Bebidas Frias", "product_name": "Soda Hatsu Limon", "qty": 418.0, "revenue": 2506600.0, "cost": 984406.72, "avg_price": 5752.64483627204, "margin": 1522193.28, "margin_pct": 60.7}, {"product_category": "Bebidas Frias", "product_name": "Limonada Mango Biche", "qty": 209.0, "revenue": 2256500.0, "cost": 731500.0, "avg_price": 10197.435897435897, "margin": 1525000.0, "margin_pct": 67.6}, {"product_category": "xAdiciones", "product_name": "Adición Vainilla", "qty": 1187.0, "revenue": 2193500.0, "cost": 59350.0, "avg_price": 1606.6925315227934, "margin": 2134150.0, "margin_pct": 97.3}, {"product_category": "Bebidas Frias", "product_name": "Powerade", "qty": 400.0, "revenue": 2181500.0, "cost": 840332.0, "avg_price": 5255.235602094241, "margin": 1341168.0, "margin_pct": 61.5}, {"product_category": "Bebidas Caliente", "product_name": "Cafe Irlandes", "qty": 159.0, "revenue": 2044000.0, "cost": 982938.0, "avg_price": 11600.0, "margin": 1061062.0, "margin_pct": 51.9}, {"product_category": "Bebidas Frias", "product_name": "Jugo Guanabana", "qty": 261.0, "revenue": 1934900.0, "cost": 574200.0, "avg_price": 6809.745762711865, "margin": 1360700.0, "margin_pct": 70.3}, {"product_category": "Bebidas Frias", "product_name": "Agua manantial Gas", "qty": 364.0, "revenue": 1899000.0, "cost": 873600.0, "avg_price": 4875.0, "margin": 1025400.0, "margin_pct": 54.0}, {"product_category": "Bebidas Caliente", "product_name": "Macciato", "qty": 137.0, "revenue": 1838700.0, "cost": 1224780.0, "avg_price": 12220.661157024793, "margin": 613920.0, "margin_pct": 33.4}, {"product_category": "Bebidas Frias", "product_name": "Soda Hatsu Romero", "qty": 300.0, "revenue": 1778500.0, "cost": 737499.0, "avg_price": 5738.754325259516, "margin": 1041001.0, "margin_pct": 58.5}, {"product_category": "Bebidas Frias", "product_name": "GATORADE S/A", "qty": 227.0, "revenue": 1771500.0, "cost": 556436.02, "avg_price": 7504.608294930876, "margin": 1215063.98, "margin_pct": 68.6}, {"product_category": "Panaderia", "product_name": "Torta de Maracuya", "qty": 199.0, "revenue": 1689500.0, "cost": 616900.0, "avg_price": 8023.936170212766, "margin": 1072600.0, "margin_pct": 63.5}, {"product_category": "Bebidas Frias", "product_name": "Jugo lulo", "qty": 235.0, "revenue": 1601700.0, "cost": 438510.0, "avg_price": 6540.0, "margin": 1163190.0, "margin_pct": 72.6}, {"product_category": "Bebidas Frias", "product_name": "Jugo Funcional ambar", "qty": 197.0, "revenue": 1538500.0, "cost": 506487.0, "avg_price": 7373.655913978495, "margin": 1032013.0, "margin_pct": 67.1}, {"product_category": "Bebidas Frias", "product_name": "Jugo Funcional Bngali", "qty": 181.0, "revenue": 1336000.0, "cost": 413766.0, "avg_price": 7214.689265536723, "margin": 922234.0, "margin_pct": 69.0}, {"product_category": "Bebidas Frias", "product_name": "Soda Hastsu sandia albaca", "qty": 192.0, "revenue": 1165500.0, "cost": 0.0, "avg_price": 5895.1612903225805, "margin": 1165500.0, "margin_pct": 100.0}, {"product_category": "Bebidas Frias", "product_name": "Jugo Fresa", "qty": 167.0, "revenue": 1134300.0, "cost": 297761.0, "avg_price": 6487.421383647798, "margin": 836539.0, "margin_pct": 73.7}, {"product_category": "Panaderia", "product_name": "Roscón Arequipe", "qty": 169.0, "revenue": 938300.0, "cost": 307580.0, "avg_price": 5181.410256410257, "margin": 630720.0, "margin_pct": 67.2}, {"product_category": "Bebidas Caliente", "product_name": "Leche 7oz", "qty": 251.0, "revenue": 937000.0, "cost": 225900.0, "avg_price": 3533.898305084746, "margin": 711100.0, "margin_pct": 75.9}, {"product_category": "Bebidas Frias", "product_name": "Cerveza Heineken", "qty": 74.0, "revenue": 857000.0, "cost": 0.0, "avg_price": 10338.983050847457, "margin": 857000.0, "margin_pct": 100.0}, {"product_category": "Bebidas Frias", "product_name": "Adicion Leche", "qty": 219.0, "revenue": 845500.0, "cost": 103806.0, "avg_price": 3550.251256281407, "margin": 741694.0, "margin_pct": 87.7}, {"product_category": "Panaderia", "product_name": "Torta Envinada", "qty": 88.0, "revenue": 735500.0, "cost": 272800.0, "avg_price": 7957.831325301205, "margin": 462700.0, "margin_pct": 62.9}, {"product_category": "xAdiciones", "product_name": "Adición whiskey", "qty": 66.0, "revenue": 608000.0, "cost": 132000.0, "avg_price": 7882.35294117647, "margin": 476000.0, "margin_pct": 78.3}, {"product_category": "Bebidas Frias", "product_name": "Jugó de piña", "qty": 70.0, "revenue": 503700.0, "cost": 70000.0, "avg_price": 6814.0625, "margin": 433700.0, "margin_pct": 86.1}, {"product_category": "Bebidas Frias", "product_name": "Jugo Uva", "qty": 70.0, "revenue": 469300.0, "cost": 70000.0, "avg_price": 6437.313432835821, "margin": 399300.0, "margin_pct": 85.1}, {"product_category": "Bebidas Caliente", "product_name": "Leche 9oz", "qty": 103.0, "revenue": 427000.0, "cost": 103000.0, "avg_price": 4128.712871287129, "margin": 324000.0, "margin_pct": 75.9}, {"product_category": "Panaderia", "product_name": "Torta De Zanahoria", "qty": 45.0, "revenue": 352500.0, "cost": 139500.0, "avg_price": 7670.454545454545, "margin": 213000.0, "margin_pct": 60.4}, {"product_category": "xAdiciones", "product_name": "Adición Michelada", "qty": 91.0, "revenue": 229000.0, "cost": 59150.0, "avg_price": 2291.1392405063293, "margin": 169850.0, "margin_pct": 74.2}, {"product_category": "xAdiciones", "product_name": "Adicion Baileys", "qty": 29.0, "revenue": 220500.0, "cost": 56550.0, "avg_price": 6980.7692307692305, "margin": 163950.0, "margin_pct": 74.4}, {"product_category": "Bebidas Frias", "product_name": "Fuze Tea Manzana", "qty": 28.0, "revenue": 146800.0, "cost": 51324.0, "avg_price": 4583.333333333333, "margin": 95476.0, "margin_pct": 65.0}, {"product_category": "Bebidas Frias", "product_name": "Ponche", "qty": 17.0, "revenue": 146000.0, "cost": 28050.0, "avg_price": 7166.666666666667, "margin": 117950.0, "margin_pct": 80.8}, {"product_category": "Bebidas Frias", "product_name": "Limonada de Yerbabuena", "qty": 11.0, "revenue": 102700.0, "cost": 30800.0, "avg_price": 8690.0, "margin": 71900.0, "margin_pct": 70.0}, {"product_category": "Panaderia", "product_name": "Sandwich Pan Integral", "qty": 9.0, "revenue": 94500.0, "cost": 0.0, "avg_price": 9562.5, "margin": 94500.0, "margin_pct": 100.0}, {"product_category": "Bebidas Frias", "product_name": "Jugo de naranja", "qty": 14.0, "revenue": 68800.0, "cost": 25662.0, "avg_price": 4327.272727272727, "margin": 43138.0, "margin_pct": 62.7}, {"product_category": "Bebidas Frias", "product_name": "Fuze Tea Mango", "qty": 12.0, "revenue": 48000.0, "cost": 21996.0, "avg_price": 4000.0, "margin": 26004.0, "margin_pct": 54.2}, {"product_category": "Panaderia", "product_name": "Sandwich", "qty": 4.0, "revenue": 6600.0, "cost": 0.0, "avg_price": 1650.0, "margin": 6600.0, "margin_pct": 100.0}, {"product_category": "Bebidas Frias", "product_name": "Cerveza", "qty": 3.0, "revenue": 0.0, "cost": 0.0, "avg_price": 0.0, "margin": 0.0, "margin_pct": null}, {"product_category": "Sin Categoria", "product_name": "Sin Producto", "qty": 0.0, "revenue": 0.0, "cost": 0.0, "avg_price": 0.0, "margin": 0.0, "margin_pct": null}]}