{"category_margin": [{"product_category": "Bebidas Frias", "revenue": 275310300.0, "cost": 90600805.61, "margin_pct": 67.1, "margin_abs": 184709494.39}, {"product_category": "Panaderia", "revenue": 1229146696.0, "cost": 358471355.5, "margin_pct": 70.8, "margin_abs": 870675340.5}, {"product_category": "Snacks", "revenue": 10900400.0, "cost": 3135633.2399999998, "margin_pct": 71.2, "margin_abs": 7764766.76}, {"product_category": "Bebidas Caliente", "revenue": 1284046200.0, "cost": 218396248.5, "margin_pct": 83.0, "margin_abs": 1065649951.5}, {"product_category": "xAdiciones", "revenue": 3251000.0, "cost": 307050.0, "margin_pct": 90.6, "margin_abs": 2943950.0}, {"product_category": "Sin Categoria", "revenue": 0.0, "cost": 0.0, "margin_pct": null, "margin_abs": 0.0}], "category_profit": [{"product_category": "Sin Categoria", "revenue": 0.0, "cost": 0.0, "margin_pct": null, "margin_abs": 0.0}, {"product_category": "xAdiciones", "revenue": 3251000.0, "cost": 307050.0, "margin_pct": 90.6, "margin_abs": 2943950.0}, {"product_category": "Snacks", "revenue": 10900400.0, "cost": 3135633.2399999998, "margin_pct": 71.2, "margin_abs": 7764766.76}, {"product_category": "Bebidas Frias", "revenue": 275310300.0, "cost": 90600805.61, "margin_pct": 67.1, "margin_abs": 184709494.39}, {"product_category": "Panaderia", "revenue": 1229146696.0, "cost": 358471355.5, "margin_pct": 70.8, "margin_abs": 870675340.5}, {"product_category": "Bebidas Caliente", "revenue": 1284046200.0, "cost": 218396248.5, "margin_pct": 83.0, "margin_abs": 1065649951.5}], "margin_time": [{"year_month": "2022-08", "revenue": 48437900.0, "cost": 15244904.06, "margin_pct": 68.5, "margin_abs": 33192995.939999998}, {"year_month": "2022-09", "revenue": 49580900.0, "cost": 16369977.86, "margin_pct": 67.0, "margin_abs": 33210922.14}, {"year_month": "2022-10", "revenue": 49989700.0, "cost": 15873039.91, "margin_pct": 68.2, "margin_abs": 34116660.09}, {"year_month": "2022-11", "revenue": 52460900.0, "cost": 16223216.98, "margin_pct": 69.1, "margin_abs": 36237683.019999996}, {"year_month": "2022-12", "revenue": 46132100.0, "cost": 14839914.15, "margin_pct": 67.8, "margin_abs": 31292185.85}, {"year_month": "2023-01", "revenue": 52176600.0, "cost": 15031820.8, "margin_pct": 71.2, "margin_abs": 37144779.2}, {"year_month": "2023-02", "revenue": 48018000.0, "cost": 13401773.67, "margin_pct": 72.1, "margin_abs": 34616226.33}, {"year_month": "2023-03", "revenue": 58950900.0, "cost": 16120740.91, "margin_pct": 72.7, "margin_abs": 42830159.09}, {"year_month": "2023-04", "revenue": 44959700.0, "cost": 12490792.96, "margin_pct": 72.2, "margin_abs": 32468907.04}, {"year_month": "2023-05", "revenue": 51639100.0, "cost": 14896894.89, "margin_pct": 71.2, "margin_abs": 36742205.11}, {"year_month": "2023-06", "revenue": 45860100.0, "cost": 13447867.53, "margin_pct": 70.7, "margin_abs": 32412232.47}, {"year_month": "2023-07", "revenue": 49894400.0, "cost": 14029008.93, "margin_pct": 71.9, "margin_abs": 35865391.07}, {"year_month": "2023-08", "revenue": 54171400.0, "cost": 15496442.85, "margin_pct": 71.4, "margin_abs": 38674957.15}, {"year_month": "2023-09", "revenue": 56441000.0, "cost": 14981626.48, "margin_pct": 73.5, "margin_abs": 41459373.519999996}, {"year_month": "2023-10", "revenue": 54895800.0, "cost": 15278707.31, "margin_pct": 72.2, "margin_abs": 39617092.69}, {"year_month": "2023-11", "revenue": 51867500.0, "cost": 14222332.26, "margin_pct": 72.6, "margin_abs": 37645167.74}, {"year_month": "2023-12", "revenue": 49788500.0, "cost": 13778318.71, "margin_pct": 72.3, "margin_abs": 36010181.29}, {"year_month": "2024-01", "revenue": 53840900.0, "cost": 15003026.1, "margin_pct": 72.1, "margin_abs": 38837873.9}, {"year_month": "2024-02", "revenue": 56672900.0, "cost": 15167832.3, "margin_pct": 73.2, "margin_abs": 41505067.7}, {"year_month": "2024-03", "revenue": 81279000.0, "cost": 13295384.67, "margin_pct": 83.6, "margin_abs": 67983615.33}, {"year_month": "2024-04", "revenue": 64725500.0, "cost": 16334374.21, "margin_pct": 74.8, "margin_abs": 48391125.79}, {"year_month": "2024-05", "revenue": 71424500.0, "cost": 17333504.31, "margin_pct": 75.7, "margin_abs": 54090995.69}, {"year_month": "2024-06", "revenue": 43102000.0, "cost": 10521509.42, "margin_pct": 75.6, "margin_abs": 32580490.58}, {"year_month": "2024-07", "revenue": 72754496.0, "cost": 17521886.82, "margin_pct": 75.9, "margin_abs": 55232609.18}, {"year_month": "2024-08", "revenue": 70435500.0, "cost": 17359216.13, "margin_pct": 75.4, "margin_abs": 53076283.870000005}, {"year_month": "2024-09", "revenue": 66010300.0, "cost": 16713420.5, "margin_pct": 74.7, "margin_abs": 49296879.5}, {"year_month": "2024-10", "revenue": 78505000.0, "cost": 18365559.37, "margin_pct": 76.6, "margin_abs": 60139440.629999995}, {"year_month": "2024-11", "revenue": 71673500.0, "cost": 17263022.04, "margin_pct": 75.9, "margin_abs": 54410477.96}, {"year_month": "2024-12", "revenue": 37764000.0, "cost": 9020370.03, "margin_pct": 76.1, "margin_abs": 28743629.97}, {"year_month": "2025-01", "revenue": 42862000.0, "cost": 9248394.51, "margin_pct": 78.4, "margin_abs": 33613605.49}, {"year_month": "2025-02", "revenue": 88417500.0, "cost": 18056786.77, "margin_pct": 79.6, "margin_abs": 70360713.23}, {"year_month": "2025-03", "revenue": 93452000.0, "cost": 18976828.65, "margin_pct": 79.7, "margin_abs": 74475171.35}, {"year_month": "2025-04", "revenue": 89470000.0, "cost": 18474934.34, "margin_pct": 79.4, "margin_abs": 70995065.66}, {"year_month": "2025-05", "revenue": 89346500.0, "cost": 18699948.66, "margin_pct": 79.1, "margin_abs": 70646551.34}, {"year_month": "2025-06", "revenue": 83971000.0, "cost": 16897860.87, "margin_pct": 79.9, "margin_abs": 67073139.129999995}, {"year_month": "2025-07", "revenue": 102258000.0, "cost": 21047743.37, "margin_pct": 79.4, "margin_abs": 81210256.63}, {"year_month": "2025-08", "revenue": 97013000.0, "cost": 18603582.6, "margin_pct": 80.8, "margin_abs": 78409417.4}, {"year_month": "2025-09", "revenue": 98650000.0, "cost": 19632949.28, "margin_pct": 80.1, "margin_abs": 79017050.72}, {"year_month": "2025-10", "revenue": 103622000.0, "cost": 20849441.31, "margin_pct": 79.9, "margin_abs": 82772558.69}, {"year_month": "2025-11", "revenue": 81531500.0, "cost": 16636222.0, "margin_pct": 79.6, "margin_abs": 64895278.0}, {"year_month": "2025-12", "revenue": 86791500.0, "cost": 17575293.74, "margin_pct": 79.7, "margin_abs": 69216206.26}, {"year_month": "2026-01", "revenue": 98334500.0, "cost": 18087373.54, "margin_pct": 81.6, "margin_abs": 80247126.46000001}, {"year_month": "2026-02", "revenue": 13483000.0, "cost": 2497247.05, "margin_pct": 81.5, "margin_abs": 10985752.95}], "top_margin": [{"product_name": "Latte 7oz", "revenue": 254576500.0, "cost": 36429600.0, "qty": 30358.0, "margin": 218146900.0, "margin_pct": 85.7}, {"product_name": "Americano 7oz", "revenue": 190868900.0, "cost": 27112195.0, "qty": 28997.0, "margin": 163756705.0, "margin_pct": 85.8}, {"product_name": "Americano 4oz", "revenue": 195515600.0, "cost": 32359848.0, "qty": 45706.0, "margin": 163155752.0, "margin_pct": 83.4}, {"product_name": "Capuccino 7oz", "revenue": 155032700.0, "cost": 22592400.0, "qty": 18827.0, "margin": 132440300.0, "margin_pct": 85.4}, {"product_name": "Croissant Queso", "revenue": 110651500.0, "cost": 23038400.0, "qty": 14960.0, "margin": 87613100.0, "margin_pct": 79.2}, {"product_name": "Milo Caliente 9oz", "revenue": 116002900.0, "cost": 29187900.0, "qty": 14238.0, "margin": 86815000.0, "margin_pct": 74.8}, {"product_name": "Palito de queso", "revenue": 113070300.0, "cost": 33017550.0, "qty": 15357.0, "margin": 80052750.0, "margin_pct": 70.8}, {"product_name": "Croissant Almendras", "revenue": 96127000.0, "cost": 23963940.0, "qty": 11466.0, "margin": 72163060.0, "margin_pct": 75.1}, {"product_name": "Sandwich Croissant", "revenue": 93437000.0, "cost": 21967152.0, "qty": 10643.0, "margin": 71469848.0, "margin_pct": 76.5}, {"product_name": "Capuccino 9oz", "revenue": 85015900.0, "cost": 14404530.0, "qty": 9799.0, "margin": 70611370.0, "margin_pct": 83.1}, {"product_name": "Pastel de pollo", "revenue": 101167500.0, "cost": 31651048.0, "qty": 8338.0, "margin": 69516452.0, "margin_pct": 68.7}, {"product_name": "Latte 9oz", "revenue": 76177500.0, "cost": 12618480.0, "qty": 8584.0, "margin": 63559020.0, "margin_pct": 83.4}, {"product_name": "Croissant Jamon y Queso", "revenue": 92085900.0, "cost": 30795160.0, "qty": 12172.0, "margin": 61290740.0, "margin_pct": 66.6}, {"product_name": "Croissant Sencillo", "revenue": 72728999.0, "cost": 13035280.0, "qty": 10264.0, "margin": 59693719.0, "margin_pct": 82.1}, {"product_name": "Chicharron", "revenue": 73401797.0, "cost": 19254081.0, "qty": 9806.0, "margin": 54147716.0, "margin_pct": 73.8}], "bottom_margin": [{"product_name": "Macciato", "revenue": 1838700.0, "cost": 1224780.0, "qty": 137.0, "margin": 613920.0, "margin_pct": 33.4}, {"product_name": "Fuze Tea Limon", "revenue": 3865600.0, "cost": 2406525.0, "qty": 825.0, "margin": 1459075.0, "margin_pct": 37.7}, {"product_name": "Fuze Tea Durazno", "revenue": 3917600.0, "cost": 2368604.0, "qty": 812.0, "margin": 1548996.0, "margin_pct": 39.5}, {"product_name": "Sandwich Baguette", "revenue": 49279300.0, "cost": 25281600.0, "qty": 5267.0, "margin": 23997700.0, "margin_pct": 48.7}, {"product_name": "Sandwich Tradicional", "revenue": 47246300.0, "cost": 23229000.0, "qty": 5162.0, "margin": 24017300.0, "margin_pct": 50.8}, {"product_name": "Pastel de carne", "revenue": 33340500.0, "cost": 16034375.0, "qty": 4375.0, "margin": 17306125.0, "margin_pct": 51.9}, {"product_name": "Cafe Irlandes", "revenue": 2044000.0, "cost": 982938.0, "qty": 159.0, "margin": 1061062.0, "margin_pct": 51.9}, {"product_name": "Agua Saborizada", "revenue": 3940500.0, "cost": 1847913.71, "qty": 887.0, "margin": 2092586.29, "margin_pct": 53.1}, {"product_name": "Capuchino Baileys 9oz", "revenue": 3392000.0, "cost": 1573440.0, "qty": 176.0, "margin": 1818560.0, "margin_pct": 53.6}, {"product_name": "Agua manantial Gas", "revenue": 1899000.0, "cost": 873600.0, "qty": 364.0, "margin": 1025400.0, "margin_pct": 54.0}, {"product_name": "Fuze Tea Mango", "revenue": 48000.0, "cost": 21996.0, "qty": 12.0, "margin": 26004.0, "margin_pct": 54.2}, {"product_name": "Galleta Chocochips", "revenue": 5670600.0, "cost": 2550492.0, "qty": 1218.0, "margin": 3120108.0, "margin_pct": 55.0}, {"product_name": "Coca Cola Zero", "revenue": 9739200.0, "cost": 4312224.0, "qty": 2139.0, "margin": 5426976.0, "margin_pct": 55.7}, {"product_name": "Coca Cola", "revenue": 18654200.0, "cost": 8079624.0, "qty": 3772.0, "margin": 10574576.0, "margin_pct": 56.7}, {"product_name": "JUGO  HIT", "revenue": 12082000.0, "cost": 5221254.0, "qty": 2238.0, "margin": 6860746.0, "margin_pct": 56.8}], "scatter": [{"product_name": "Adicion Baileys", "revenue": 220500.0, "margin_pct": 74.4, "qty": 29.0}, {"product_name": "Adicion Leche", "revenue": 845500.0, "margin_pct": 87.7, "qty": 219.0}, {"product_name": "Adición Michelada", "revenue": 229000.0, "margin_pct": 74.2, "qty": 91.0}, {"product_name": "Adición Vainilla", "revenue": 2193500.0, "margin_pct": 97.3, "qty": 1187.0}, {"product_name": "Adición whiskey", "revenue": 608000.0, "margin_pct": 78.3, "qty": 66.0}, {"product_name": "Agua", "revenue": 46997400.0, "margin_pct": 68.9, "qty": 10969.0}, {"product_name": "Agua Saborizada", "revenue": 3940500.0, "margin_pct": 53.1, "qty": 887.0}, {"product_name": "Agua con gas", "revenue": 10771100.0, "margin_pct": 73.4, "qty": 2146.0}, {"product_name": "Agua manantial Gas", "revenue": 1899000.0, "margin_pct": 54.0, "qty": 364.0}, {"product_name": "Americano 4oz", "revenue": 195515600.0, "margin_pct": 83.4, "qty": 45706.0}, {"product_name": "Americano 7oz", "revenue": 190868900.0, "margin_pct": 85.8, "qty": 28997.0}, {"product_name": "Americano 9oz", "revenue": 35477800.0, "margin_pct": 81.3, "qty": 5063.0}, {"product_name": "Aromatica Frutos 7oz", "revenue": 23248300.0, "margin_pct": 71.0, "qty": 3130.0}, {"product_name": "Aromatica Sencilla 7oz", "revenue": 24962300.0, "margin_pct": 94.1, "qty": 7378.0}, {"product_name": "Avena Alpina", "revenue": 17897900.0, "margin_pct": 58.4, "qty": 2598.0}, {"product_name": "Barra Tosh", "revenue": 6619400.0, "margin_pct": 74.5, "qty": 1556.0}, {"product_name": "Cafe Irlandes", "revenue": 2044000.0, "margin_pct": 51.9, "qty": 159.0}, {"product_name": "Capuccino 7oz", "revenue": 155032700.0, "margin_pct": 85.4, "qty": 18827.0}, {"product_name": "Capuccino 9oz", "revenue": 85015900.0, "margin_pct": 83.1, "qty": 9799.0}, {"product_name": "Capuchino Baileys 9oz", "revenue": 3392000.0, "margin_pct": 53.6, "qty": 176.0}, {"product_name": "Chicharron", "revenue": 73401797.0, "margin_pct": 73.8, "qty": 9806.0}, {"product_name": "Chocolate Agua 7oz", "revenue": 10738200.0, "margin_pct": 83.1, "qty": 1843.0}, {"product_name": "Chocolate Agua 9oz", "revenue": 5674200.0, "margin_pct": 79.8, "qty": 850.0}, {"product_name": "Chocolate Leche 7oz", "revenue": 21185400.0, "margin_pct": 75.8, "qty": 2932.0}, {"product_name": "Chocolate Leche 9oz", "revenue": 20333300.0, "margin_pct": 76.6, "qty": 2382.0}, {"product_name": "Club Dorada", "revenue": 5458500.0, "margin_pct": 72.7, "qty": 451.0}, {"product_name": "Coca Cola", "revenue": 18654200.0, "margin_pct": 56.7, "qty": 3772.0}, {"product_name": "Coca Cola Zero", "revenue": 9739200.0, "margin_pct": 55.7, "qty": 2139.0}, {"product_name": "Corazon", "revenue": 8792900.0, "margin_pct": 63.1, "qty": 1942.0}, {"product_name": "Croissant Almendras", "revenue": 96127000.0, "margin_pct": 75.1, "qty": 11466.0}, {"product_name": "Croissant Chocolate", "revenue": 20241000.0, "margin_pct": 70.5, "qty": 3192.0}, {"product_name": "Croissant Integral", "revenue": 15415100.0, "margin_pct": 82.9, "qty": 3666.0}, {"product_name": "Croissant Jamon y Queso", "revenue": 92085900.0, "margin_pct": 66.6, "qty": 12172.0}, {"product_name": "Croissant Queso", "revenue": 110651500.0, "margin_pct": 79.2, "qty": 14960.0}, {"product_name": "Croissant Sencillo", "revenue": 72728999.0, "margin_pct": 82.1, "qty": 10264.0}, {"product_name": "Empanada de cambrai", "revenue": 29741400.0, "margin_pct": 88.7, "qty": 5779.0}, {"product_name": "Espresso Doble", "revenue": 9371700.0, "margin_pct": 78.6, "qty": 1870.0}, {"product_name": "Espresso Sencillo", "revenue": 8329300.0, "margin_pct": 81.2, "qty": 2146.0}, {"product_name": "Fuze Tea Durazno", "revenue": 3917600.0, "margin_pct": 39.5, "qty": 812.0}, {"product_name": "Fuze Tea Limon", "revenue": 3865600.0, "margin_pct": 37.7, "qty": 825.0}, {"product_name": "Fuze Tea Mango", "revenue": 48000.0, "margin_pct": 54.2, "qty": 12.0}, {"product_name": "Fuze Tea Manzana", "revenue": 146800.0, "margin_pct": 65.0, "qty": 28.0}, {"product_name": "GATORADE S/A", "revenue": 1771500.0, "margin_pct": 68.6, "qty": 227.0}, {"product_name": "Galleta Avena", "revenue": 6356100.0, "margin_pct": 60.1, "qty": 1333.0}, {"product_name": "Galleta Chocochips", "revenue": 5670600.0, "margin_pct": 55.0, "qty": 1218.0}, {"product_name": "Galletas Tosh", "revenue": 4281000.0, "margin_pct": 66.1, "qty": 1137.0}, {"product_name": "Gatorade", "revenue": 11879000.0, "margin_pct": 59.4, "qty": 1563.0}, {"product_name": "Ginger", "revenue": 3550700.0, "margin_pct": 72.2, "qty": 694.0}, {"product_name": "Granizado Cafe", "revenue": 24967000.0, "margin_pct": 84.9, "qty": 1614.0}, {"product_name": "Granizado Fruta", "revenue": 2932000.0, "margin_pct": 87.0, "qty": 210.0}, {"product_name": "Granizado Milo", "revenue": 4213000.0, "margin_pct": 89.2, "qty": 253.0}, {"product_name": "Infusion", "revenue": 5116400.0, "margin_pct": 90.4, "qty": 978.0}, {"product_name": "JUGO  HIT", "revenue": 12082000.0, "margin_pct": 56.8, "qty": 2238.0}, {"product_name": "Jugo Fresa", "revenue": 1134300.0, "margin_pct": 73.7, "qty": 167.0}, {"product_name": "Jugo Funcional Bngali", "revenue": 1336000.0, "margin_pct": 69.0, "qty": 181.0}, {"product_name": "Jugo Funcional ambar", "revenue": 1538500.0, "margin_pct": 67.1, "qty": 197.0}, {"product_name": "Jugo Funcional verde", "revenue": 2778000.0, "margin_pct": 62.8, "qty": 362.0}, {"product_name": "Jugo Guanabana", "revenue": 1934900.0, "margin_pct": 70.3, "qty": 261.0}, {"product_name": "Jugo Mango", "revenue": 3157700.0, "margin_pct": 73.5, "qty": 469.0}, {"product_name": "Jugo Maracuya", "revenue": 2682500.0, "margin_pct": 60.4, "qty": 382.0}, {"product_name": "Jugo Mora", "revenue": 2770400.0, "margin_pct": 70.8, "qty": 382.0}, {"product_name": "Jugo Uva", "revenue": 469300.0, "margin_pct": 85.1, "qty": 70.0}, {"product_name": "Jugo de naranja", "revenue": 68800.0, "margin_pct": 62.7, "qty": 14.0}, {"product_name": "Jugo lulo", "revenue": 1601700.0, "margin_pct": 72.6, "qty": 235.0}, {"product_name": "Jugó de piña", "revenue": 503700.0, "margin_pct": 86.1, "qty": 70.0}, {"product_name": "Kumis Alpina", "revenue": 2709800.0, "margin_pct": 61.2, "qty": 448.0}, {"product_name": "Latte 7oz", "revenue": 254576500.0, "margin_pct": 85.7, "qty": 30358.0}, {"product_name": "Latte 9oz", "revenue": 76177500.0, "margin_pct": 83.4, "qty": 8584.0}, {"product_name": "Leche 7oz", "revenue": 937000.0, "margin_pct": 75.9, "qty": 251.0}, {"product_name": "Leche 9oz", "revenue": 427000.0, "margin_pct": 75.9, "qty": 103.0}, {"product_name": "Limonada Mango Biche", "revenue": 2256500.0, "margin_pct": 67.6, "qty": 209.0}, {"product_name": "Limonada de Coco", "revenue": 4078900.0, "margin_pct": 72.8, "qty": 347.0}, {"product_name": "Limonada de Yerbabuena", "revenue": 102700.0, "margin_pct": 70.0, "qty": 11.0}, {"product_name": "Limonada natural", "revenue": 4310000.0, "margin_pct": 76.1, "qty": 572.0}, {"product_name": "Macciato", "revenue": 1838700.0, "margin_pct": 33.4, "qty": 137.0}, {"product_name": "Milo Caliente 9oz", "revenue": 116002900.0, "margin_pct": 74.8, "qty": 14238.0}, {"product_name": "Mocaccino 7oz", "revenue": 12036800.0, "margin_pct": 82.1, "qty": 1742.0}, {"product_name": "Mocaccino 9ox", "revenue": 5533000.0, "margin_pct": 77.8, "qty": 615.0}, {"product_name": "Mocaccino 9oz", "revenue": 3050300.0, "margin_pct": 76.0, "qty": 441.0}, {"product_name": "Mogolla", "revenue": 13380500.0, "margin_pct": 82.4, "qty": 3574.0}, {"product_name": "Palito de queso", "revenue": 113070300.0, "margin_pct": 70.8, "qty": 15357.0}, {"product_name": "Pan de Chocolate", "revenue": 43090100.0, "margin_pct": 67.6, "qty": 7046.0}, {"product_name": "Pandebono", "revenue": 53330000.0, "margin_pct": 70.9, "qty": 9144.0}, {"product_name": "Pandequeso", "revenue": 45580300.0, "margin_pct": 68.1, "qty": 8540.0}, {"product_name": "Pandeyuca", "revenue": 44886100.0, "margin_pct": 74.6, "qty": 8825.0}, {"product_name": "Pastel Gloria", "revenue": 33658100.0, "margin_pct": 70.8, "qty": 5013.0}, {"product_name": "Pastel de carne", "revenue": 33340500.0, "margin_pct": 51.9, "qty": 4375.0}, {"product_name": "Pastel de pollo", "revenue": 101167500.0, "margin_pct": 68.7, "qty": 8338.0}, {"product_name": "Ponche", "revenue": 146000.0, "margin_pct": 80.8, "qty": 17.0}, {"product_name": "Powerade", "revenue": 2181500.0, "margin_pct": 61.5, "qty": 400.0}, {"product_name": "Roscon Bocadillo", "revenue": 3260000.0, "margin_pct": 70.1, "qty": 591.0}, {"product_name": "Roscón Arequipe", "revenue": 938300.0, "margin_pct": 67.2, "qty": 169.0}, {"product_name": "Sandwich Baguette", "revenue": 49279300.0, "margin_pct": 48.7, "qty": 5267.0}, {"product_name": "Sandwich Croissant", "revenue": 93437000.0, "margin_pct": 76.5, "qty": 10643.0}, {"product_name": "Sandwich Tradicional", "revenue": 47246300.0, "margin_pct": 50.8, "qty": 5162.0}, {"product_name": "Soda Hatsu Frambuesa", "revenue": 4935300.0, "margin_pct": 61.1, "qty": 780.0}, {"product_name": "Soda Hatsu Limon", "revenue": 2506600.0, "margin_pct": 60.7, "qty": 418.0}, {"product_name": "Soda Hatsu Romero", "revenue": 1778500.0, "margin_pct": 58.5, "qty": 300.0}, {"product_name": "Soda S", "revenue": 7600800.0, "margin_pct": 63.7, "qty": 1416.0}, {"product_name": "Te Chai", "revenue": 17160500.0, "margin_pct": 78.4, "qty": 1323.0}, {"product_name": "Te Hatsu Blanco", "revenue": 4222500.0, "margin_pct": 62.0, "qty": 464.0}, {"product_name": "Te Hatsu Negro", "revenue": 9780900.0, "margin_pct": 61.8, "qty": 1081.0}, {"product_name": "Te Hatsu Rojo", "revenue": 3516100.0, "margin_pct": 60.9, "qty": 413.0}, {"product_name": "Torta De Zanahoria", "revenue": 352500.0, "margin_pct": 60.4, "qty": 45.0}, {"product_name": "Torta Envinada", "revenue": 735500.0, "margin_pct": 62.9, "qty": 88.0}, {"product_name": "Torta Naranja Y amapola", "revenue": 19391500.0, "margin_pct": 63.9, "qty": 2258.0}, {"product_name": "Torta de Maracuya", "revenue": 1689500.0, "margin_pct": 63.5, "qty": 199.0}, {"product_name": "Yogurt Alpina", "revenue": 10013400.0, "margin_pct": 61.7, "qty": 1737.0}]}